@article{FFZ,
  author       = {Dana Fisman and
                  Hadar Frenkel and
                  Sandra Zilles},
  title        = {Inferring Symbolic Automata},
  journal      = {CoRR},
  volume       = {abs/2112.14252},
  year         = {2021},
  url          = {https://arxiv.org/abs/2112.14252},
  eprinttype    = {arXiv},
  eprint       = {2112.14252},
  timestamp    = {Tue, 04 Jan 2022 15:59:27 +0100},
  biburl       = {https://dblp.org/rec/journals/corr/abs-2112-14252.bib},
  bibsource    = {dblp computer science bibliography, https://dblp.org}
}

@article{VWW,
author = {Verwer, Sicco and Weerdt, Mathijs and Witteveen, Cees},
year = {2012},
month = {03},
pages = {295-333},
title = {Efficiently identifying deterministic real-time automata from labeled data},
volume = {86},
journal = {Machine Learning},
doi = {10.1007/s10994-011-5265-4}
}